
@InProceedings{m1,
    author={Stephane MALLAT},
    title={Group Invariant Scattering},
    publisher={Communications in Pure and Applied Mathematics, vol. 65, no. 10, pp. 1331-1398},
    year={2012}
}
@InProceedings{m2,
    author={Anden J. and Mallat S.},
    title={Deep Scattering Spectrum},
    publisher={Deep Scattering Spectrum,Submitted to IEEE Transactions on Signal Processing},
    year={2011}
}
@InProceedings{m3,
    author={DI ENS},
    title={SCATNET Toolbox},
    publisher={http://www.di.ens.fr/data/software/scatnet/},
    year={2011-2015}
}




@InProceedings{randall2,
    author={Trone and Balestriero and Glotin},
    title={Gabor Scalogram Reveals Formants in High-Frequency Dolphin Clicks},
    publisher={Proc. of Neural Information Processing Scaled for Bioacoustics: from Neurons to Big Data, 2013, Ed. Glotin H., LeCun Y., Artieres T., Mallat S., Tchernichovski O., Halkias X., joint to NIPS Conf., http://sabiod.org/publications.html, ISSN 979-10-90821-04-0},
    year ={2013}
}

@InProceedings{randall1,
    author={Marie Trone and Herve Glotin and Randall Balestriero and Bonnett E David},
    title={All clicks are not created equally: Variations in high-frequency acoustic signal parameters of the Amazon river dolphin (Inia geoffrensis)},
    publisher={in The Journal of the Acoustical Society of America,
    Volume 136, Issue 4, short letter, Oct 2014, long paper in
    preparation.},
    year={2014}
}
@InProceedings{randall3,
    author={Randall Balestriero},
    title={Scattering for Bioacoustics},
    publisher={Internship research report, Univ. Toulon, 2013-14 supervised by H. Glotin}
}

@InProceedings{randall4,
    author={Randall Balestriero and Herve Glotin},
    title={Humpback whale song representation},
    publisher={NIPS4B 2013}
}


@InProceedings{randall5,
    author={ H Goeau and H Glotin and WP Vellinga and A Rauber},
    title={LifeCLEF bird identitfication task 2014},
    publisher={Clef working notes},
    year={2014}
}

@book{mallat1999,
title={Lifeclef 2014: multimedia life species identification challenges},
author={Alexis Joly and Herve Goeau and Herve Glotin and Concetto Spampinato and Henning Muller},
year={2014},
publisher={Information Access Evaluation. Multilinguality, Multimodality, and
Interaction, Springer International Publishing}
}







@InProceedings{Sifre_2013_CVPR,
     author = {Sifre, Laurent and Mallat, Stephane},
     title = {Rotation, Scaling and Deformation Invariant Scattering for Texture Discrimination},
     booktitle = {The IEEE Conference on Computer Vision and Pattern Recognition (CVPR)},
     month = {June},
     year = {2013}
 }


@book{mallat1999wavelet,
title={A wavelet tour of signal processing},
author={Mallat, St{\'e}phane},
year={1999},
publisher={Academic press}
}


@ONLINE{stanfordwav,
author = {Craig Stuart Sapp},
title = {WAVE PCM soundfile format },
month = dec,
year = {2011},
howpublished="\url{https://ccrma.stanford.edu/courses/422/projects/WaveFormat/}"
}

@ONLINE{wikiwav,
author = {Wikipedia},
title = {WAV},
month = nov,
year = {2014},
howpublished="\url{http://en.wikipedia.org/wiki/WAV}"
}

@ONLINE{wikifft,
author = {Wikipedia},
title = {Fast Fourier Transform},
month = dec,
year = {2014},
howpublished="\url{http://en.wikipedia.org/wiki/Fast_Fourier_transform}"
}

@ONLINE{dobbfft,
author = {Vlodymyr Myrny},
title = {A Simple and Efficient \big{FFT} Implementation in C++:Part 1},
month = may,
year = {2007},
howpublished="\url{http://www.drdobbs.com/cpp/a-simple-and-efficient-fft-implementatio/199500857}"
}

@ONLINE{codeprojectfft,
author = {Jo√£o Martins},
title = {How to implement the \big{FFT} algorithm},
month = feb,
year = {2005},
howpublished="\url{http://www.codeproject.com/Articles/9388/How-to-implement-the-FFT-algorithm}"
}

@ONLINE{learnfft,
title = {A \big{DFT} and \big{FFT} TUTORIAL},
month = jun,
year = {2014},
howpublished="\url{http://www.alwayslearn.com/dft%20and%20fft%20tutorial/DFTandFFT_BasicIdea.html}"
}

