@article{trone2015,
  title={Heterogeneity of Amazon River dolphin high-frequency clicks: Current Odontoceti bioacoustic terminology in need of standardization},
  author={Trone, Marie and Glotin, Herv{\'e} and Balestriero, Randall and Bonnett, David E and Blakefield, Jerry},
  journal={Proceedings of Meetings on Acoustics},
  volume={22},
  number={1},
  pages={070003},
  year={2015},
  publisher={Acoustical Society of America}
}

@InProceedings{m1,
    author={Stephane MALLAT},
    title={Group Invariant Scattering},
    publisher={Communications in Pure and Applied Mathematics, vol. 65, no. 10, pp. 1331-1398},
    year={2012}
}
@InProceedings{m2,
    author={Anden J. and Mallat S.},
    title={Deep Scattering Spectrum},
    publisher={Deep Scattering Spectrum,Submitted to IEEE Transactions on Signal Processing},
    year={2011}
}
@InProceedings{m3,
    author={DI ENS},
    title={SCATNET Toolbox},
    publisher={http://www.di.ens.fr/data/software/scatnet/},
    year={2011-2015}
}





@InProceedings{randall5,
    author={ H Goeau and H Glotin and WP Vellinga and A Rauber},
    title={LifeCLEF bird identitfication task 2014},
    publisher={Clef working notes},
    year={2014}
}

@book{mallat1999,
title={Lifeclef 2014: multimedia life species identification challenges},
author={Alexis Joly and Herve Goeau and Herve Glotin and Concetto Spampinato and Henning Muller},
year={2014},
publisher={Information Access Evaluation. Multilinguality, Multimodality, and
Interaction, Springer International Publishing}
}







@InProceedings{Sifre_2013_CVPR,
     author = {Sifre, Laurent and Mallat, Stephane},
     title = {Rotation, Scaling and Deformation Invariant Scattering for Texture Discrimination},
     booktitle = {The IEEE Conference on Computer Vision and Pattern Recognition (CVPR)},
     month = {June},
     year = {2013}
 }


@book{mallat1999wavelet,
title={A wavelet tour of signal processing},
author={Mallat, St{\'e}phane},
year={1999},
publisher={Academic press}
}


@ONLINE{stanfordwav,
author = {Craig Stuart Sapp},
title = {WAVE PCM soundfile format },
month = dec,
year = {2011},
howpublished="\url{https://ccrma.stanford.edu/courses/422/projects/WaveFormat/}"
}


@ONLINE{internL3,
author = {BALESTRIERO Randall and GLOTIN Herve},
title = {Bachelor's Research Internship Report},
month = dec,
year = {2013},
howpublished="\url{http://www.lsis.univ-tln.fr/~rbalestriero/intern_report_l3.pdf}"
}


@ONLINE{CIGAL,
author = {BALESTRIERO Randall and GLOTIN Herve},
title = {CIGAL : C++ sIGnal scAttering and waveLet fast representations},
month = dec,
year = {2014},
howpublished="\url{https://www.academia.edu/10202482/CIGAL_C_sIGnal_scAttering_and_waveLet_fast_representations}"
}



@ONLINE{wikiwav,
author = {Wikipedia},
title = {WAV},
month = nov,
year = {2014},
howpublished="\url{http://en.wikipedia.org/wiki/WAV}"
}

@ONLINE{wikifft,
author = {Wikipedia},
title = {Fast Fourier Transform},
month = dec,
year = {2014},
howpublished="\url{http://en.wikipedia.org/wiki/Fast_Fourier_transform}"
}

@ONLINE{dobbfft,
author = {Vlodymyr Myrny},
title = {A Simple and Efficient FFT Implementation in C++:Part 1},
month = may,
year = {2007},
howpublished="\url{http://www.drdobbs.com/cpp/a-simple-and-efficient-fft-implementatio/199500857}"
}

@ONLINE{codeprojectfft,
author = {Jo√£o Martins},
title = {How to implement the FFT algorithm},
month = feb,
year = {2005},
howpublished="\url{http://www.codeproject.com/Articles/9388/How-to-implement-the-FFT-algorithm}"
}

@ONLINE{learnfft,
title = {A {DFT} and {FFT} TUTORIAL},
month = jun,
year = {2014},
howpublished="\url{http://www.alwayslearn.com/dft%20and%20fft%20tutorial/DFTandFFT_BasicIdea.html}"
}

